@article{bezanson2017julia,
	title={Julia: A fresh approach to numerical computing},
	author={Bezanson, Jeff and Edelman, Alan and Karpinski, Stefan and Shah, Viral B},
	journal={SIAM review},
	volume={59},
	number={1},
	pages={65--98},
	year={2017},
	publisher={SIAM}
}
@article{Strawn2017,
author = {Strawn, J.R. and Dobson, E.T. and Mills, J.A. and Cornwall, G.J. and Sakolsky, D. and Birmaher, B. and Compton, S.N. and Piacentini, J. and McCracken, J.T. and Ginsburg, G.S. and Kendall, P.C. and Walkup, J.T. and Albano, A.M. and Rynn, M.A.},
doi = {10.1089/cap.2016.0198},
issn = {15578992},
journal = {Journal of Child and Adolescent Psychopharmacology},
keywords = {Bayesian,antidepressant,anxiety,clinical trial,response},
number = {6},
title = {{Placebo Response in Pediatric Anxiety Disorders: Results from the Child/Adolescent Anxiety Multimodal Study}},
volume = {27},
year = {2017}
}
@article{Strawn2018,
author = {Strawn, Jeffrey R and Mills, Jeffrey A and Sauley, Beau A and Welge, Jeffrey A},
doi = {10.1016/j.jaac.2018.01.015},
issn = {1527-5418},
journal = {Journal of the American Academy of Child and Adolescent Psychiatry},
keywords = {generalized anxiety disorder (GAD),selective serotonin reuptake inhibitor (SSRI, SRI),selective serotonin−norepinephrine reuptake inhibitor (SSNRI, SNRI),separation anxiety disorder (SAD),social phobia (SoP)},
number = {4},
pages = {235--244},
pmid = {29588049},
title = {{The Impact of Antidepressant Dose and Class on Treatment Response in Pediatric Anxiety Disorders: A Meta-Analysis.}},
url = {https://linkinghub.elsevier.com/retrieve/pii/S0890856718300534 http://www.ncbi.nlm.nih.gov/pubmed/29588049 http://www.pubmedcentral.nih.gov/articlerender.fcgi?artid=PMC5877120},
volume = {57},
year = {2018}
}
@article{Strawn2018a,
author = {Strawn, J.R. and Mills, J.A. and Cornwall, G.J. and Mossman, S.A. and Varney, S.T. and Keeshin, B.R. and Croarkin, P.E.},
doi = {10.1089/cap.2017.0060},
issn = {15578992},
journal = {Journal of Child and Adolescent Psychopharmacology},
keywords = {anxiety,anxiolytic,clinical trial,generalized anxiety disorder (GAD)},
number = {1},
title = {{Buspirone in Children and Adolescents with Anxiety: A Review and Bayesian Analysis of Abandoned Randomized Controlled Trials}},
volume = {28},
year = {2018}
}
@article{Strawn2019,
	author = {Strawn, Jeffrey R and Mills, Jeffrey A and Croarkin, Paul E},
	doi = {10.1089/cap.2018.0145},
	file = {:C$\backslash$:/Users/millsjf/Box/Vita-pubs/jcap{\_}Feb{\_}2019.pdf:pdf},
	issn = {1557-8992 (Electronic)},
	journal = {Journal of child and adolescent psychopharmacology},
	keywords = {depression,depression,major depressive disorder,paroxetine,se,fluoxetine,major depressive disorder,paroxetine,sertraline},
	number = {4},
	pages = {250--255},
	pmid = {30810350},
	title = {{Switching Selective Serotonin Reuptake Inhibitors in Adolescents with Selective Serotonin Reuptake Inhibitor-Resistant Major Depressive Disorder: Balancing Tolerability and Efficacy.}},
	volume = {29},
	year = {2019}
}
@article{Mills2019,
author = {Mills, Jeffrey A and Cornwall, Gary C and Sauley, Beau A and Strawn, Jeffrey R},
file = {:C$\backslash$:/Users/millsjf/OneDrive/CAMS data analysis/Methodology paper/clinical{\_}trials{\_}methods{\_}Pharm{\_}Stat{\_}3{\_}2019.pdf:pdf},
journal = {University of Cincinnati},
keywords = {2619,513,556,6278,anxiety treatment,bayes factor,bayesian inference,business,cincinnati oh 45221,correspondence,department of economics,fax,hypothesis testing,jeffrey a,lindner college of,mills,ml0371,posterior simulation,randomized controlled trial,tel,university of cincinnati},
title = {{Bayesian Inference and Testing for Randomized Controlled Trials: a Posterior Simulation Approach}},
year = {2019}
}
@article{Mills2018,
author = {Mills, Jeffrey A.},
doi = {0.13140/RG.2.2.18951.70564},
journal = {University of Cincinnati},
title = {{BayesTesting.jl: Bayesian Hypothesis Testing without Tears, doi:0.13140/RG.2.2.18951.70564}},
year = {2018}
}
@article{Berry2017,
	author = {Berry, Donald},
	doi = {10.1080/01621459.2017.1316279},
	journal = {Journal of the American Statistical Associationi},
	pages = {985--897},
	number = {519},
	volume = {112},
	title = {{A p-Value to Die For}},
	year = {2017}
}

@article{Mills2019b,
	author =  {Mills, Jeffrey A and Strawn, Jeffrey R},
	journal = {Journal of the American Academy of Child and Adolescent Psychiatry, (\textnormal{under revision})},
	title = {{Antidepressant Tolerability in Pediatric Anxiety and Obsessive Compulsive Disorders: A Bayesian Hierarchical Modeling Meta-Analysis}},
	year = {2019}
}
@book{Berry20ll,
	author = {Berry, Scott and Carlin, Bradley and Lee, Jack and Muller, Peter},
	title = {Bayesian Adaptive Methods for Clinical Trials},
	publisher = {CRC Press}
	year = {2011}
}
@book{Kruschke2014,
	author = {Kruschke, John},
	title = {Doing Bayesian Data Analysis: A Tutorial with R, JAGS, and Stan 2nd Edition},
	publisher = {CRC Press}
	year = {2011}
}
@book{Mcelreath2015,
	author = {McElreath, Richard},
	title = {Statistical Rethinking: A Bayesian Course with Examples in R and Stan},
	publisher = {CRC Press}
	year = {2015}
}


